@inproceedings{Kulkarni2012,
  title={Collaboratively crowdsourcing workflows with turkomatic},
  author={Kulkarni, Anand and Can, Matthew and Hartmann, Bj{\"o}rn},
  booktitle={Proceedings of the ACM 2012 conference on Computer Supported Cooperative Work},
  pages={1003--1012},
  year={2012},
  organization={ACM}
}

@article{Zhang2011,
  title={Crowdsourcing general computation},
  author={Zhang, Haoqi and Horvitz, Eric and Miller, Rob C and Parkes, David C},
  year={2011},
  publisher={Association for Computing Machinery}
}

@inproceedings{Ahmad2011,
  title={The jabberwocky programming environment for structured social computing},
  author={Ahmad, Salman and Battle, Alexis and Malkani, Zahan and Kamvar, Sepander},
  booktitle={Proceedings of the 24th annual ACM symposium on User interface software and technology},
  pages={53--64},
  year={2011},
  organization={ACM}
}

@inproceedings{Kittur2013,
  title={The future of crowd work},
  author={Kittur, Aniket and Nickerson, Jeffrey V and Bernstein, Michael and Gerber, Elizabeth and Shaw, Aaron and Zimmerman, John and Lease, Matt and Horton, John},
  booktitle={Proceedings of the 2013 conference on Computer supported cooperative work},
  pages={1301--1318},
  year={2013},
  organization={ACM}
}

@mastersthesis{Kokciyan,
    author    = "Kokciyan, Nadin",
    title     = "WeFlow: We Follow the Flow",
    school    = "Galatasaray University",
    year      = "2009"
}

@inproceedings{Kokciyan2012,
  title={User Generated Human Computation Applications},
  author={Kokciyan, Nadin and Uskudarli, S and Dinesh, TB},
  booktitle={Privacy, Security, Risk and Trust (PASSAT), 2012 International Conference on and 2012 International Confernece on Social Computing (SocialCom)},
  pages={593--598},
  year={2012},
  organization={IEEE}
}

@inproceedings{Little2009,
  title={Turkit: tools for iterative tasks on mechanical turk},
  author={Little, Greg and Chilton, Lydia B and Goldman, Max and Miller, Robert C},
  booktitle={Proceedings of the ACM SIGKDD workshop on human computation},
  pages={29--30},
  year={2009},
  organization={ACM}
}

@inproceedings{Minder2011,
  title={CrowdLang-First Steps Towards Programmable Human Computers for General Computation.},
  author={Minder, Patrick and Bernstein, Abraham},
  booktitle={Human Computation},
  year={2011}
}

@inproceedings{ULSReport,
  title={Ultra-large-scale systems},
  author={Gabriel, Richard P and Northrop, Linda and Schmidt, Douglas C and Sullivan, Kevin},
  booktitle={Companion to the 21st ACM SIGPLAN symposium on Object-oriented programming systems, languages, and applications},
  pages={632--634},
  year={2006},
  organization={ACM}
}

@inproceedings{Barowy2012,
  title={Automan: A platform for integrating human-based and digital computation},
  author={Barowy, Daniel W and Curtsinger, Charlie and Berger, Emery D and McGregor, Andrew},
  booktitle={ACM SIGPLAN Notices},
  volume={47},
  number={10},
  pages={639--654},
  year={2012},
  organization={ACM}
}

@article{Bernstein2012,
  title={Programming the global brain},
  author={Bernstein, Abraham and Klein, Mark and Malone, Thomas W},
  journal={Communications of the ACM},
  volume={55},
  number={5},
  pages={41--43},
  year={2012},
  publisher={ACM}
}

@inproceedings{Kittur2011,
  title={Crowdforge: Crowdsourcing complex work},
  author={Kittur, Aniket and Smus, Boris and Khamkar, Susheel and Kraut, Robert E},
  booktitle={Proceedings of the 24th annual ACM symposium on User interface software and technology},
  pages={43--52},
  year={2011},
  organization={ACM}
}

@inproceedings{Kittur2012,
  title={CrowdWeaver: visually managing complex crowd work},
  author={Kittur, Aniket and Khamkar, Susheel and Andr{\'e}, Paul and Kraut, Robert},
  booktitle={Proceedings of the ACM 2012 conference on Computer Supported Cooperative Work},
  pages={1033--1036},
  year={2012},
  organization={ACM}
}

@inproceedings{Little2010,
  title={Exploring iterative and parallel human computation processes},
  author={Little, Greg and Chilton, Lydia B and Goldman, Max and Miller, Robert C},
  booktitle={Proceedings of the ACM SIGKDD workshop on human computation},
  pages={68--76},
  year={2010},
  organization={ACM}
}

@article{Marcus2011,
  title={Human-powered sorts and joins},
  author={Marcus, Adam and Wu, Eugene and Karger, David and Madden, Samuel and Miller, Robert},
  journal={Proceedings of the VLDB Endowment},
  volume={5},
  number={1},
  pages={13--24},
  year={2011},
  publisher={VLDB Endowment}
}

@inproceedings{Minder2012,
  title={How to translate a book within an hour: towards general purpose programmable human computers with crowdlang},
  author={Minder, Patrick and Bernstein, Abraham},
  booktitle={Proceedings of the 3rd Annual ACM Web Science Conference},
  pages={209--212},
  year={2012},
  organization={ACM}
}

@article{Quinn2009,
  title={A taxonomy of distributed human computation},
  author={Quinn, Alexander J and Bederson, Benjamin B},
  journal={Human-Computer Interaction Lab Tech Report, University of Maryland},
  year={2009}
}

@inproceedings{Rzeszotarski2012,
  title={CrowdScape: interactively visualizing user behavior and output},
  author={Rzeszotarski, Jeffrey and Kittur, Aniket},
  booktitle={Proceedings of the 25th annual ACM symposium on User interface software and technology},
  pages={55--62},
  year={2012},
  organization={ACM}
}

@inproceedings{Bernstein2010,
  title={Soylent: a word processor with a crowd inside},
  author={Bernstein, Michael S and Little, Greg and Miller, Robert C and Hartmann, Bj{\"o}rn and Ackerman, Mark S and Karger, David R and Crowell, David and Panovich, Katrina},
  booktitle={Proceedings of the 23nd annual ACM symposium on User interface software and technology},
  pages={313--322},
  year={2010},
  organization={ACM}
}

@article{Doan2011,
  title={Crowdsourcing systems on the world-wide web},
  author={Doan, Anhai and Ramakrishnan, Raghu and Halevy, Alon Y},
  journal={Communications of the ACM},
  volume={54},
  number={4},
  pages={86--96},
  year={2011},
  publisher={ACM}
}

@incollection{Dorn2012,
  title={Architecture-driven modeling of adaptive collaboration structures in large-scale social web applications},
  author={Dorn, Christoph and Taylor, Richard N},
  booktitle={Web Information Systems Engineering-WISE 2012},
  pages={143--156},
  year={2012},
  publisher={Springer}
}

@article{Dorn2012a,
  title={Flexible social workflows: Collaborations as human architecture},
  author={Dorn, Christoph and Taylor, Richard N and Dustdar, Schahram},
  journal={Internet Computing, IEEE},
  volume={16},
  number={2},
  pages={72--77},
  year={2012},
  publisher={IEEE}
}

@inproceedings{Marcus2011b,
  title={Crowdsourced databases: Query processing with people},
  author={Marcus, Adam and Wu, Eugene and Karger, David R and Madden, Samuel R and Miller, Robert C},
  year={2011},
  organization={CIDR}
}

@inproceedings{Quinn2011,
  title={Human computation: a survey and taxonomy of a growing field},
  author={Quinn, Alexander J and Bederson, Benjamin B},
  booktitle={Proceedings of the SIGCHI Conference on Human Factors in Computing Systems},
  pages={1403--1412},
  year={2011},
  organization={ACM}
}

@article{Schall2010,
  title={Programming human and software-based web services},
  author={Schall, Daniel and Dustdar, Schahram and Blake, M Brian},
  journal={Computer},
  pages={82--85},
  year={2010},
  publisher={IEEE Computer Society}
}

@inproceedings{Shahaf2007,
  title={Towards a Theory of AI Completeness.},
  author={Shahaf, Dafna and Amir, Eyal},
  booktitle={AAAI Spring Symposium: Logical Formalizations of Commonsense Reasoning},
  pages={150--155},
  year={2007}
}

@inproceedings{Yuen2011,
  title={A survey of crowdsourcing systems},
  author={Yuen, Man-Ching and King, Irwin and Leung, Kwong-Sak},
  booktitle={Privacy, security, risk and trust (passat), 2011 ieee third international conference on and 2011 ieee third international conference on social computing (socialcom)},
  pages={766--773},
  year={2011},
  organization={IEEE}
}

@article{Schall2008,
  title={Unifying human and software services in web-scale collaborations},
  author={Schall, Daniel and Truong, Hong-Linh and Dustdar, Schahram},
  journal={Internet Computing, IEEE},
  volume={12},
  number={3},
  pages={62--68},
  year={2008},
  publisher={IEEE}
}

@inproceedings{Dorn2012c,
  title={Co-adapting human collaborations and software architectures},
  author={Dorn, Christoph and Taylor, Richard N},
  booktitle={Proceedings of the 2012 International Conference on Software Engineering},
  pages={1277--1280},
  year={2012},
  organization={IEEE Press}
}

@inproceedings{Dorn2012b,
  title={Analyzing runtime adaptability of collaboration patterns},
  author={Dorn, Christoph and Taylor, Richard N},
  booktitle={Collaboration Technologies and Systems (CTS), 2012 International Conference on},
  pages={551--558},
  year={2012},
  organization={IEEE}
}

@article{Kittur2010,
  title={Crowdsourcing, collaboration and creativity.},
  author={Kittur, Aniket},
  journal={ACM Crossroads},
  volume={17},
  number={2},
  pages={22--26},
  year={2010}
}

@inproceedings{Zhang2012,
  title={Human computation tasks with global constraints},
  author={Zhang, Haoqi and Law, Edith and Miller, Rob and Gajos, Krzysztof and Parkes, David and Horvitz, Eric},
  booktitle={Proceedings of the SIGCHI Conference on Human Factors in Computing Systems},
  pages={217--226},
  year={2012},
  organization={ACM}
}

@article{Ipeirotis2010,
  title={Analyzing the amazon mechanical turk marketplace},
  author={Ipeirotis, Panagiotis G},
  journal={XRDS: Crossroads, The ACM Magazine for Students},
  volume={17},
  number={2},
  pages={16--21},
  year={2010},
  publisher={ACM}
}


@inproceedings{Burch2009,
  title={Fast, cheap, and creative: evaluating translation quality using Amazon's Mechanical Turk},
  author={Callison-Burch, Chris},
  booktitle={Proceedings of the 2009 Conference on Empirical Methods in Natural Language Processing: Volume 1-Volume 1},
  pages={286--295},
  year={2009},
  organization={Association for Computational Linguistics}
}

@article{Dean2008,
  title={MapReduce: simplified data processing on large clusters},
  author={Dean, Jeffrey and Ghemawat, Sanjay},
  journal={Communications of the ACM},
  volume={51},
  number={1},
  pages={107--113},
  year={2008},
  publisher={ACM}
}

@misc{Howe2006a,
   author = "Howe, Jeff",
   title = "Crowdsourcing: A Definition",
   year = "2006",
   url = "\url{http://crowdsourcing.typepad.com/cs/2006/06/crowdsourcing_a.html}",
   note = "[Online]"
}

@article{Howe2006b,
  title={The rise of crowdsourcing},
  author={Howe, Jeff},
  journal={Wired magazine},
  volume={14},
  number={6},
  pages={1--4},
  year={2006},
  publisher={Dorsey Press}
}